%YAML 1.1
%TAG !u! tag:unity3d.com,2011:
--- !u!1001 &100100000
Prefab:
  m_ObjectHideFlags: 1
  serializedVersion: 2
  m_Modification:
    m_TransformParent: {fileID: 0}
    m_Modifications: []
    m_RemovedComponents: []
  m_ParentPrefab: {fileID: 0}
  m_RootGameObject: {fileID: 1979220449657082}
  m_IsPrefabParent: 1
--- !u!1 &1220722104490478
GameObject:
  m_ObjectHideFlags: 0
  m_PrefabParentObject: {fileID: 0}
  m_PrefabInternal: {fileID: 100100000}
  serializedVersion: 5
  m_Component:
  - component: {fileID: 4360230926538660}
  - component: {fileID: 70082602841295918}
  - component: {fileID: 114338513614610774}
  - component: {fileID: 70965305860200010}
  m_Layer: 0
  m_Name: BackCollider
  m_TagString: Untagged
  m_Icon: {fileID: 0}
  m_NavMeshLayer: 0
  m_StaticEditorFlags: 0
  m_IsActive: 1
--- !u!1 &1580796565175766
GameObject:
  m_ObjectHideFlags: 1
  m_PrefabParentObject: {fileID: 0}
  m_PrefabInternal: {fileID: 100100000}
  serializedVersion: 5
  m_Component:
  - component: {fileID: 4431784899967726}
  - component: {fileID: 212557923521040606}
  m_Layer: 0
  m_Name: Sprite
  m_TagString: Untagged
  m_Icon: {fileID: 0}
  m_NavMeshLayer: 0
  m_StaticEditorFlags: 0
  m_IsActive: 1
--- !u!1 &1709892502241378
GameObject:
  m_ObjectHideFlags: 0
  m_PrefabParentObject: {fileID: 0}
  m_PrefabInternal: {fileID: 100100000}
  serializedVersion: 5
  m_Component:
  - component: {fileID: 4999170879607554}
  - component: {fileID: 70736989434263724}
  m_Layer: 0
  m_Name: BodyCollider
  m_TagString: Untagged
  m_Icon: {fileID: 0}
  m_NavMeshLayer: 0
  m_StaticEditorFlags: 0
  m_IsActive: 1
--- !u!1 &1828224306344220
GameObject:
  m_ObjectHideFlags: 0
  m_PrefabParentObject: {fileID: 0}
  m_PrefabInternal: {fileID: 100100000}
  serializedVersion: 5
  m_Component:
  - component: {fileID: 4404199357949578}
  - component: {fileID: 95986648795348774}
  - component: {fileID: 114258939485474036}
  m_Layer: 0
  m_Name: Body
  m_TagString: Untagged
  m_Icon: {fileID: 7250588514170254948, guid: 0000000000000000d000000000000000, type: 0}
  m_NavMeshLayer: 0
  m_StaticEditorFlags: 0
  m_IsActive: 1
--- !u!1 &1928996418871660
GameObject:
  m_ObjectHideFlags: 0
  m_PrefabParentObject: {fileID: 0}
  m_PrefabInternal: {fileID: 100100000}
  serializedVersion: 5
  m_Component:
  - component: {fileID: 4459639511416482}
  - component: {fileID: 70759313882170912}
  - component: {fileID: 114187008020224942}
  m_Layer: 0
  m_Name: HeadCollider
  m_TagString: Untagged
  m_Icon: {fileID: 0}
  m_NavMeshLayer: 0
  m_StaticEditorFlags: 0
  m_IsActive: 1
--- !u!1 &1979220449657082
GameObject:
  m_ObjectHideFlags: 0
  m_PrefabParentObject: {fileID: 0}
  m_PrefabInternal: {fileID: 100100000}
  serializedVersion: 5
  m_Component:
  - component: {fileID: 4093390693963360}
  - component: {fileID: 114285152707717274}
  - component: {fileID: 50038468620392692}
  - component: {fileID: 114935049938079120}
  - component: {fileID: 114408620706712284}
  - component: {fileID: 114470540633909614}
  - component: {fileID: 81704589838858802}
  m_Layer: 0
  m_Name: Player
  m_TagString: Player
  m_Icon: {fileID: 7250588514170254948, guid: 0000000000000000d000000000000000, type: 0}
  m_NavMeshLayer: 0
  m_StaticEditorFlags: 0
  m_IsActive: 1
--- !u!4 &4093390693963360
Transform:
  m_ObjectHideFlags: 1
  m_PrefabParentObject: {fileID: 0}
  m_PrefabInternal: {fileID: 100100000}
  m_GameObject: {fileID: 1979220449657082}
  m_LocalRotation: {x: 0, y: 0, z: 0, w: 1}
  m_LocalPosition: {x: 3.8354604, y: 4.254999, z: 0}
  m_LocalScale: {x: -1, y: 1, z: 1}
  m_Children:
  - {fileID: 4404199357949578}
  - {fileID: 4459639511416482}
  - {fileID: 4360230926538660}
  - {fileID: 4999170879607554}
  m_Father: {fileID: 0}
  m_RootOrder: 0
  m_LocalEulerAnglesHint: {x: 0, y: 0, z: 0}
--- !u!4 &4360230926538660
Transform:
  m_ObjectHideFlags: 1
  m_PrefabParentObject: {fileID: 0}
  m_PrefabInternal: {fileID: 100100000}
  m_GameObject: {fileID: 1220722104490478}
  m_LocalRotation: {x: -0, y: -0, z: -0, w: 1}
  m_LocalPosition: {x: 0, y: 0, z: 0}
  m_LocalScale: {x: 1, y: 1, z: 1}
  m_Children: []
  m_Father: {fileID: 4093390693963360}
  m_RootOrder: 2
  m_LocalEulerAnglesHint: {x: 0, y: 0, z: 0}
--- !u!4 &4404199357949578
Transform:
  m_ObjectHideFlags: 1
  m_PrefabParentObject: {fileID: 0}
  m_PrefabInternal: {fileID: 100100000}
  m_GameObject: {fileID: 1828224306344220}
  m_LocalRotation: {x: 0, y: 0, z: 0, w: 1}
  m_LocalPosition: {x: 1.104, y: 0, z: 0}
  m_LocalScale: {x: 1, y: 0.85421175, z: 1}
  m_Children:
  - {fileID: 4431784899967726}
  m_Father: {fileID: 4093390693963360}
  m_RootOrder: 0
  m_LocalEulerAnglesHint: {x: 0, y: 0, z: 0}
--- !u!4 &4431784899967726
Transform:
  m_ObjectHideFlags: 1
  m_PrefabParentObject: {fileID: 0}
  m_PrefabInternal: {fileID: 100100000}
  m_GameObject: {fileID: 1580796565175766}
  m_LocalRotation: {x: 0, y: 0, z: 0, w: 1}
  m_LocalPosition: {x: 0, y: 0, z: 0}
  m_LocalScale: {x: 1, y: 1, z: 1}
  m_Children: []
  m_Father: {fileID: 4404199357949578}
  m_RootOrder: 0
  m_LocalEulerAnglesHint: {x: 0, y: 0, z: 0}
--- !u!4 &4459639511416482
Transform:
  m_ObjectHideFlags: 1
  m_PrefabParentObject: {fileID: 0}
  m_PrefabInternal: {fileID: 100100000}
  m_GameObject: {fileID: 1928996418871660}
  m_LocalRotation: {x: 0, y: 0, z: -0.35755315, w: 0.93389285}
  m_LocalPosition: {x: 0.682, y: 0.688, z: 0}
  m_LocalScale: {x: 1, y: 1, z: 1}
  m_Children: []
  m_Father: {fileID: 4093390693963360}
  m_RootOrder: 1
  m_LocalEulerAnglesHint: {x: 0, y: 0, z: -41.9}
--- !u!4 &4999170879607554
Transform:
  m_ObjectHideFlags: 1
  m_PrefabParentObject: {fileID: 0}
  m_PrefabInternal: {fileID: 100100000}
  m_GameObject: {fileID: 1709892502241378}
  m_LocalRotation: {x: 0, y: 0, z: 0, w: 1}
  m_LocalPosition: {x: 0, y: 0, z: 0}
  m_LocalScale: {x: 1, y: 1, z: 1}
  m_Children: []
  m_Father: {fileID: 4093390693963360}
  m_RootOrder: 3
  m_LocalEulerAnglesHint: {x: 0, y: 0, z: 0}
--- !u!50 &50038468620392692
Rigidbody2D:
  serializedVersion: 4
  m_ObjectHideFlags: 1
  m_PrefabParentObject: {fileID: 0}
  m_PrefabInternal: {fileID: 100100000}
  m_GameObject: {fileID: 1979220449657082}
  m_BodyType: 0
  m_Simulated: 1
  m_UseFullKinematicContacts: 0
  m_UseAutoMass: 0
  m_Mass: 2
  m_LinearDrag: 0
  m_AngularDrag: 0.05
  m_GravityScale: 1
  m_Material: {fileID: 0}
  m_Interpolate: 1
  m_SleepingMode: 1
  m_CollisionDetection: 1
  m_Constraints: 4
--- !u!70 &70082602841295918
CapsuleCollider2D:
  m_ObjectHideFlags: 1
  m_PrefabParentObject: {fileID: 0}
  m_PrefabInternal: {fileID: 100100000}
  m_GameObject: {fileID: 1220722104490478}
  m_Enabled: 1
  m_Density: 1
  m_Material: {fileID: 6200000, guid: ba483165639dbfb4ea069e8dc4305a08, type: 2}
  m_IsTrigger: 0
  m_UsedByEffector: 0
  m_UsedByComposite: 0
  m_Offset: {x: -0.24, y: 0.5}
  m_Size: {x: 1.1, y: 0.8}
  m_Direction: 1
--- !u!70 &70736989434263724
CapsuleCollider2D:
  m_ObjectHideFlags: 1
  m_PrefabParentObject: {fileID: 0}
  m_PrefabInternal: {fileID: 100100000}
  m_GameObject: {fileID: 1709892502241378}
  m_Enabled: 1
  m_Density: 1
  m_Material: {fileID: 6200000, guid: ba483165639dbfb4ea069e8dc4305a08, type: 2}
  m_IsTrigger: 0
  m_UsedByEffector: 0
  m_UsedByComposite: 0
  m_Offset: {x: 0.1, y: 0.25}
  m_Size: {x: 1.2, y: 0.5}
  m_Direction: 1
--- !u!70 &70759313882170912
CapsuleCollider2D:
  m_ObjectHideFlags: 1
  m_PrefabParentObject: {fileID: 0}
  m_PrefabInternal: {fileID: 100100000}
  m_GameObject: {fileID: 1928996418871660}
  m_Enabled: 1
  m_Density: 1
  m_Material: {fileID: 6200000, guid: ba483165639dbfb4ea069e8dc4305a08, type: 2}
  m_IsTrigger: 0
  m_UsedByEffector: 0
  m_UsedByComposite: 0
  m_Offset: {x: 0, y: 0}
  m_Size: {x: 1.3, y: 0.17}
  m_Direction: 1
--- !u!70 &70965305860200010
CapsuleCollider2D:
  m_ObjectHideFlags: 1
  m_PrefabParentObject: {fileID: 0}
  m_PrefabInternal: {fileID: 100100000}
  m_GameObject: {fileID: 1220722104490478}
  m_Enabled: 1
  m_Density: 1
  m_Material: {fileID: 0}
  m_IsTrigger: 0
  m_UsedByEffector: 0
  m_UsedByComposite: 0
  m_Offset: {x: -0.36, y: 1.08}
  m_Size: {x: 1.05, y: 0.5}
  m_Direction: 1
--- !u!81 &81704589838858802
AudioListener:
  m_ObjectHideFlags: 1
  m_PrefabParentObject: {fileID: 0}
  m_PrefabInternal: {fileID: 100100000}
  m_GameObject: {fileID: 1979220449657082}
  m_Enabled: 1
--- !u!95 &95986648795348774
Animator:
  serializedVersion: 3
  m_ObjectHideFlags: 1
  m_PrefabParentObject: {fileID: 0}
  m_PrefabInternal: {fileID: 100100000}
  m_GameObject: {fileID: 1828224306344220}
  m_Enabled: 1
  m_Avatar: {fileID: 0}
  m_Controller: {fileID: 9100000, guid: aec6e17cbc2590e41ab5f25861334f52, type: 2}
  m_CullingMode: 0
  m_UpdateMode: 0
  m_ApplyRootMotion: 0
  m_LinearVelocityBlending: 0
  m_WarningMessage: 
  m_HasTransformHierarchy: 1
  m_AllowConstantClipSamplingOptimization: 1
--- !u!114 &114187008020224942
MonoBehaviour:
  m_ObjectHideFlags: 1
  m_PrefabParentObject: {fileID: 0}
  m_PrefabInternal: {fileID: 100100000}
  m_GameObject: {fileID: 1928996418871660}
  m_Enabled: 1
  m_EditorHideFlags: 0
  m_Script: {fileID: 11500000, guid: 997538ac82ad96b4384b4f854fdde62d, type: 3}
  m_Name: 
  m_EditorClassIdentifier: 
  _collisionSound:
    Clips:
    - {fileID: 8300000, guid: 0439ed46dbea640d0a97b0912aec91cd, type: 3}
    Volume: 1
    Pitch:
      Min: 1
      Max: 1
    LowPass:
      Min: 1
      Max: 1
    Reverb: 1
    Loop: 0
    Rolloff: 0
    Group: {fileID: 0}
  velocityThresholdBump: 7
  cooldown:
    Min: 0.3
    Max: 0.6
--- !u!114 &114258939485474036
MonoBehaviour:
  m_ObjectHideFlags: 1
  m_PrefabParentObject: {fileID: 0}
  m_PrefabInternal: {fileID: 100100000}
  m_GameObject: {fileID: 1828224306344220}
  m_Enabled: 1
  m_EditorHideFlags: 0
  m_Script: {fileID: 11500000, guid: 4c98408fd00e9ad408ad137cc5863468, type: 3}
  m_Name: 
  m_EditorClassIdentifier: 
  _step1:
    Clips:
    - {fileID: 8300000, guid: d6f25001da8364c1299d4d71732a9059, type: 3}
    Volume: 0.2
    Pitch:
      Min: 1
      Max: 1
    LowPass:
      Min: 1
      Max: 1
    Reverb: 1
    Loop: 0
    Rolloff: 0
    Group: {fileID: 0}
  _step2:
    Clips:
    - {fileID: 8300000, guid: 5b7a6353f331f4714aa67e2c378a1f4f, type: 3}
    Volume: 0.3
    Pitch:
      Min: 1
      Max: 1
    LowPass:
      Min: 1
      Max: 1
    Reverb: 1
    Loop: 0
    Rolloff: 0
    Group: {fileID: 0}
--- !u!114 &114285152707717274
MonoBehaviour:
  m_ObjectHideFlags: 1
  m_PrefabParentObject: {fileID: 0}
  m_PrefabInternal: {fileID: 100100000}
  m_GameObject: {fileID: 1979220449657082}
  m_Enabled: 1
  m_EditorHideFlags: 0
  m_Script: {fileID: 11500000, guid: c294d45b7fb3eff45adc4f72720e0806, type: 3}
  m_Name: 
  m_EditorClassIdentifier: 
  _ignoreTags:
  - Player
  _interactable:
    serializedVersion: 2
    m_Bits: 256
  _colliderRadius: 0.5
  _colliderSize: {x: 2, y: 1}
  _offset: -0.1
  _offsetWall: {x: 0.15, y: 0.1, z: 0}
--- !u!114 &114338513614610774
MonoBehaviour:
  m_ObjectHideFlags: 1
  m_PrefabParentObject: {fileID: 0}
  m_PrefabInternal: {fileID: 100100000}
  m_GameObject: {fileID: 1220722104490478}
  m_Enabled: 1
  m_EditorHideFlags: 0
  m_Script: {fileID: 11500000, guid: 56e18e57f41b7ab45846b25116eb57f9, type: 3}
  m_Name: 
  m_EditorClassIdentifier: 
--- !u!114 &114408620706712284
MonoBehaviour:
  m_ObjectHideFlags: 1
  m_PrefabParentObject: {fileID: 0}
  m_PrefabInternal: {fileID: 100100000}
  m_GameObject: {fileID: 1979220449657082}
  m_Enabled: 1
  m_EditorHideFlags: 0
  m_Script: {fileID: 11500000, guid: ff5253cec7462954ca4e8b9f2e88e904, type: 3}
  m_Name: 
  m_EditorClassIdentifier: 
  State: 0
  Speed: 0
  _anim: {fileID: 95986648795348774}
--- !u!114 &114470540633909614
MonoBehaviour:
  m_ObjectHideFlags: 1
  m_PrefabParentObject: {fileID: 0}
  m_PrefabInternal: {fileID: 100100000}
  m_GameObject: {fileID: 1979220449657082}
  m_Enabled: 1
  m_EditorHideFlags: 0
  m_Script: {fileID: 11500000, guid: 4c98408fd00e9ad408ad137cc5863468, type: 3}
  m_Name: 
  m_EditorClassIdentifier: 
  _step1:
    Clips:
    - {fileID: 0}
    Volume: 1
    Pitch:
      Min: 1
      Max: 1
    LowPass:
      Min: 1
      Max: 1
    Reverb: 1
    Loop: 0
    Rolloff: 0
    Group: {fileID: 0}
  _step2:
    Clips:
    - {fileID: 0}
    Volume: 1
    Pitch:
      Min: 1
      Max: 1
    LowPass:
      Min: 1
      Max: 1
    Reverb: 1
    Loop: 0
    Rolloff: 0
    Group: {fileID: 0}
--- !u!114 &114935049938079120
MonoBehaviour:
  m_ObjectHideFlags: 1
  m_PrefabParentObject: {fileID: 0}
  m_PrefabInternal: {fileID: 100100000}
  m_GameObject: {fileID: 1979220449657082}
  m_Enabled: 1
  m_EditorHideFlags: 0
  m_Script: {fileID: 11500000, guid: 6da0f1ae30b62c34894d170e912da617, type: 3}
  m_Name: 
  m_EditorClassIdentifier: 
  _movementSpeed: 10
  _jumpSpeed: 13
  _lowJumpMultiplier: 4.5
  _fallMultiplier: 3
  _gravityMultiplier: 2
  _inAirForce: 500
  _wallPushForce: 300
--- !u!212 &212557923521040606
SpriteRenderer:
  m_ObjectHideFlags: 1
  m_PrefabParentObject: {fileID: 0}
  m_PrefabInternal: {fileID: 100100000}
  m_GameObject: {fileID: 1580796565175766}
  m_Enabled: 1
  m_CastShadows: 0
  m_ReceiveShadows: 0
  m_MotionVectors: 1
  m_LightProbeUsage: 1
  m_ReflectionProbeUsage: 1
  m_Materials:
  - {fileID: 10754, guid: 0000000000000000f000000000000000, type: 0}
  m_StaticBatchInfo:
    firstSubMesh: 0
    subMeshCount: 0
  m_StaticBatchRoot: {fileID: 0}
  m_ProbeAnchor: {fileID: 0}
  m_LightProbeVolumeOverride: {fileID: 0}
  m_ScaleInLightmap: 1
  m_PreserveUVs: 0
  m_IgnoreNormalsForChartDetection: 0
  m_ImportantGI: 0
  m_SelectedEditorRenderState: 0
  m_MinimumChartSize: 4
  m_AutoUVMaxDistance: 0.5
  m_AutoUVMaxAngle: 89
  m_LightmapParameters: {fileID: 0}
  m_SortingLayerID: 0
  m_SortingLayer: 0
  m_SortingOrder: 4
  m_Sprite: {fileID: 21300000, guid: bd7182f03d0ac4109b457c6376a4b8bb, type: 3}
  m_Color: {r: 1, g: 1, b: 1, a: 1}
  m_FlipX: 0
  m_FlipY: 0
  m_DrawMode: 0
  m_Size: {x: 5.12, y: 5.12}
  m_AdaptiveModeThreshold: 0.5
  m_SpriteTileMode: 0
